%% This BibTeX bibliography file was created using BibDesk.
%% http://bibdesk.sourceforge.net/


%% Created for Henrison Hsieh at 2018-10-27 22:38:24 -0400 


%% Saved with string encoding Unicode (UTF-8) 



@article{kaufman2009,
	Author = {Daniel Kaufman},
	Date-Added = {2018-10-27 22:32:47 -0400},
	Date-Modified = {2018-10-27 22:32:47 -0400},
	Doi = {10.1515/THLI.2009.001},
	Journal = {Theoretical Linguistics},
	Keywords = {Tagalog},
	Number = {1},
	Pages = {1--49},
	Title = {Austronesian Nominalism and its consequences: A {Tagalog} case study},
	Volume = {35},
	Year = {2009},
	Bdsk-File-1 = {YnBsaXN0MDDUAQIDBAUGJCVYJHZlcnNpb25YJG9iamVjdHNZJGFyY2hpdmVyVCR0b3ASAAGGoKgHCBMUFRYaIVUkbnVsbNMJCgsMDxJXTlMua2V5c1pOUy5vYmplY3RzViRjbGFzc6INDoACgAOiEBGABIAFgAdccmVsYXRpdmVQYXRoWWFsaWFzRGF0YV8QQy4uLy4uLy4uLy4uL0dvb2dsZSBEcml2ZS9MaWJyYXJ5L3BhcGVycy9rYXVmbWFuXzIwMDlfbm9taW5hbGlzbS5wZGbSFwsYGVdOUy5kYXRhTxEBoAAAAAABoAACAAAMTWFjaW50b3NoIEhEAAAAAAAAAAAAAAAAAAAAAAAAAEJEAAH/////G2thdWZtYW5fMjAwOV9ub21pbmFsaXNtLnBkZgAAAAAAAAAAAAAAAAAAAAAAAAAAAAAAAAAAAAAAAAAAAAAAAP////8AAAAAAAAAAAAAAAAABAAEAAAKIGN1AAAAAAAAAAAAAAAAAAZwYXBlcnMAAgBILzpVc2VyczpsaWZlcG9rZTpHb29nbGUgRHJpdmU6TGlicmFyeTpwYXBlcnM6a2F1Zm1hbl8yMDA5X25vbWluYWxpc20ucGRmAA4AOAAbAGsAYQB1AGYAbQBhAG4AXwAyADAAMAA5AF8AbgBvAG0AaQBuAGEAbABpAHMAbQAuAHAAZABmAA8AGgAMAE0AYQBjAGkAbgB0AG8AcwBoACAASABEABIARlVzZXJzL2xpZmVwb2tlL0dvb2dsZSBEcml2ZS9MaWJyYXJ5L3BhcGVycy9rYXVmbWFuXzIwMDlfbm9taW5hbGlzbS5wZGYAEwABLwAAFQACAA///wAAgAbSGxwdHlokY2xhc3NuYW1lWCRjbGFzc2VzXU5TTXV0YWJsZURhdGGjHR8gVk5TRGF0YVhOU09iamVjdNIbHCIjXE5TRGljdGlvbmFyeaIiIF8QD05TS2V5ZWRBcmNoaXZlctEmJ1Ryb290gAEACAARABoAIwAtADIANwBAAEYATQBVAGAAZwBqAGwAbgBxAHMAdQB3AIQAjgDUANkA4QKFAocCjAKXAqACrgKyArkCwgLHAtQC1wLpAuwC8QAAAAAAAAIBAAAAAAAAACgAAAAAAAAAAAAAAAAAAALz},
	Bdsk-Url-1 = {https://dx.doi.org/10.1515/THLI.2009.001}}

@article{rack_rich,
	Author = {Andrea Rackowski and Norvin Richards},
	Date-Added = {2018-10-27 22:32:33 -0400},
	Date-Modified = {2018-10-27 22:32:33 -0400},
	Doi = {10.1162/002438905774464368},
	Journal = {Linguistic Inquiry},
	Keywords = {phases, Tagalog, long-distance},
	Number = {4},
	Pages = {565-599},
	Read = {1},
	Title = {Phase edge and extraction: {A} {Tagalog} case study},
	Volume = {36},
	Year = {2005},
	Bdsk-File-1 = {YnBsaXN0MDDUAQIDBAUGJCVYJHZlcnNpb25YJG9iamVjdHNZJGFyY2hpdmVyVCR0b3ASAAGGoKgHCBMUFRYaIVUkbnVsbNMJCgsMDxJXTlMua2V5c1pOUy5vYmplY3RzViRjbGFzc6INDoACgAOiEBGABIAFgAdccmVsYXRpdmVQYXRoWWFsaWFzRGF0YV8QTi4uLy4uLy4uLy4uL0dvb2dsZSBEcml2ZS9MaWJyYXJ5L3BhcGVycy9yYWNrb3dza2kucmljaGFyZHNfMjAwNV9waGFzZS1lZGdlLnBkZtIXCxgZV05TLmRhdGFPEQHOAAAAAAHOAAIAAAxNYWNpbnRvc2ggSEQAAAAAAAAAAAAAAAAAAAAAAAAAQkQAAf////8fcmFja293c2tpLnJpY2hhcmRzI0ZGRkZGRkZGLnBkZgAAAAAAAAAAAAAAAAAAAAAAAAAAAAAAAAAAAAAAAAAA/////wAAAAAAAAAAAAAAAAAEAAQAAAogY3UAAAAAAAAAAAAAAAAABnBhcGVycwACAFMvOlVzZXJzOmxpZmVwb2tlOkdvb2dsZSBEcml2ZTpMaWJyYXJ5OnBhcGVyczpyYWNrb3dza2kucmljaGFyZHNfMjAwNV9waGFzZS1lZGdlLnBkZgAADgBOACYAcgBhAGMAawBvAHcAcwBrAGkALgByAGkAYwBoAGEAcgBkAHMAXwAyADAAMAA1AF8AcABoAGEAcwBlAC0AZQBkAGcAZQAuAHAAZABmAA8AGgAMAE0AYQBjAGkAbgB0AG8AcwBoACAASABEABIAUVVzZXJzL2xpZmVwb2tlL0dvb2dsZSBEcml2ZS9MaWJyYXJ5L3BhcGVycy9yYWNrb3dza2kucmljaGFyZHNfMjAwNV9waGFzZS1lZGdlLnBkZgAAEwABLwAAFQACAA///wAAgAbSGxwdHlokY2xhc3NuYW1lWCRjbGFzc2VzXU5TTXV0YWJsZURhdGGjHR8gVk5TRGF0YVhOU09iamVjdNIbHCIjXE5TRGljdGlvbmFyeaIiIF8QD05TS2V5ZWRBcmNoaXZlctEmJ1Ryb290gAEACAARABoAIwAtADIANwBAAEYATQBVAGAAZwBqAGwAbgBxAHMAdQB3AIQAjgDfAOQA7AK+AsACxQLQAtkC5wLrAvIC+wMAAw0DEAMiAyUDKgAAAAAAAAIBAAAAAAAAACgAAAAAAAAAAAAAAAAAAAMs},
	Bdsk-Url-1 = {https://dx.doi.org/10.1162/002438905774464368}}

@phdthesis{aldridge_phd,
	Author = {Edith Aldridge},
	Date-Added = {2018-10-27 22:32:28 -0400},
	Date-Modified = {2018-10-27 22:32:28 -0400},
	Keywords = {Tagalog, ergativity},
	School = {Cornell University},
	Title = {Ergativity and Word Order in {A}ustronesian Languages},
	Year = {2004},
	Bdsk-File-1 = {YnBsaXN0MDDUAQIDBAUGJCVYJHZlcnNpb25YJG9iamVjdHNZJGFyY2hpdmVyVCR0b3ASAAGGoKgHCBMUFRYaIVUkbnVsbNMJCgsMDxJXTlMua2V5c1pOUy5vYmplY3RzViRjbGFzc6INDoACgAOiEBGABIAFgAdccmVsYXRpdmVQYXRoWWFsaWFzRGF0YV8QTC4uLy4uLy4uLy4uL0dvb2dsZSBEcml2ZS9MaWJyYXJ5L3RoZXNlcy9hbGRyaWRnZV8yMDA0X2VyZ2F0aXZpdHktdGFnYWxvZy5wZGbSFwsYGVdOUy5kYXRhTxEBxgAAAAABxgACAAAMTWFjaW50b3NoIEhEAAAAAAAAAAAAAAAAAAAAAAAAAEJEAAH/////H2FsZHJpZGdlXzIwMDRfZXJnYSNGRkZGRkZGRi5wZGYAAAAAAAAAAAAAAAAAAAAAAAAAAAAAAAAAAAAAAAAAAP////8AAAAAAAAAAAAAAAAABAAEAAAKIGN1AAAAAAAAAAAAAAAAAAZ0aGVzZXMAAgBRLzpVc2VyczpsaWZlcG9rZTpHb29nbGUgRHJpdmU6TGlicmFyeTp0aGVzZXM6YWxkcmlkZ2VfMjAwNF9lcmdhdGl2aXR5LXRhZ2Fsb2cucGRmAAAOAEoAJABhAGwAZAByAGkAZABnAGUAXwAyADAAMAA0AF8AZQByAGcAYQB0AGkAdgBpAHQAeQAtAHQAYQBnAGEAbABvAGcALgBwAGQAZgAPABoADABNAGEAYwBpAG4AdABvAHMAaAAgAEgARAASAE9Vc2Vycy9saWZlcG9rZS9Hb29nbGUgRHJpdmUvTGlicmFyeS90aGVzZXMvYWxkcmlkZ2VfMjAwNF9lcmdhdGl2aXR5LXRhZ2Fsb2cucGRmAAATAAEvAAAVAAIAD///AACABtIbHB0eWiRjbGFzc25hbWVYJGNsYXNzZXNdTlNNdXRhYmxlRGF0YaMdHyBWTlNEYXRhWE5TT2JqZWN00hscIiNcTlNEaWN0aW9uYXJ5oiIgXxAPTlNLZXllZEFyY2hpdmVy0SYnVHJvb3SAAQAIABEAGgAjAC0AMgA3AEAARgBNAFUAYABnAGoAbABuAHEAcwB1AHcAhACOAN0A4gDqArQCtgK7AsYCzwLdAuEC6ALxAvYDAwMGAxgDGwMgAAAAAAAAAgEAAAAAAAAAKAAAAAAAAAAAAAAAAAAAAyI=}}

@article{ght1992,
	Author = {Eithne Guilfoyle and Henrietta Hung and Lisa Travis},
	Date-Added = {2018-10-27 22:29:56 -0400},
	Date-Modified = {2018-10-27 22:29:56 -0400},
	Journal = {Natural Language \& Linguistic Theory},
	Keywords = {Tagalog; Austronesian (gen)},
	Number = {3},
	Pages = {375--414},
	Title = {Spec of {IP} and Spec of {VP}: {T}wo subjects in {A}ustronesian languages},
	Volume = {10},
	Year = {1992},
	Bdsk-File-1 = {YnBsaXN0MDDUAQIDBAUGJCVYJHZlcnNpb25YJG9iamVjdHNZJGFyY2hpdmVyVCR0b3ASAAGGoKgHCBMUFRYaIVUkbnVsbNMJCgsMDxJXTlMua2V5c1pOUy5vYmplY3RzViRjbGFzc6INDoACgAOiEBGABIAFgAdccmVsYXRpdmVQYXRoWWFsaWFzRGF0YV8QOy4uL0xpYnJhcnkvcGFwZXJzL2d1aWxmb3lsZS5odW5nLnRyYXZpc18xOTkyX3NwZWMtaXAtdnAucGRm0hcLGBlXTlMuZGF0YU8RAgYAAAAAAgYAAgAADE1hY2ludG9zaCBIRAAAAAAAAAAAAAAAAAAAAM4T+NJIKwAABFvp+B9ndWlsZm95bGUuaHVuZy50cmF2IzQ2MUYxMUUucGRmAAAAAAAAAAAAAAAAAAAAAAAAAAAAAAAAAAAAAAAAAAAEYfEe1FN+ogAAAAAAAAAAAAEAAwAACSAAAAAAAAAAAAAAAAAAAAAGcGFwZXJzABAACAAAzhQxEgAAABEACAAA1FPE8gAAAAEAFARb6fgABgd4AAYG2wAF6WYAAhIpAAIAV01hY2ludG9zaCBIRDpVc2VyczoAbGlmZXBva2U6AERyb3Bib3g6AExpYnJhcnk6AHBhcGVyczoAZ3VpbGZveWxlLmh1bmcudHJhdiM0NjFGMTFFLnBkZgAADgBUACkAZwB1AGkAbABmAG8AeQBsAGUALgBoAHUAbgBnAC4AdAByAGEAdgBpAHMAXwAxADkAOQAyAF8AcwBwAGUAYwAtAGkAcAAtAHYAcAAuAHAAZABmAA8AGgAMAE0AYQBjAGkAbgB0AG8AcwBoACAASABEABIAT1VzZXJzL2xpZmVwb2tlL0Ryb3Bib3gvTGlicmFyeS9wYXBlcnMvZ3VpbGZveWxlLmh1bmcudHJhdmlzXzE5OTJfc3BlYy1pcC12cC5wZGYAABMAAS8AABUAAgAP//8AAIAG0hscHR5aJGNsYXNzbmFtZVgkY2xhc3Nlc11OU011dGFibGVEYXRhox0fIFZOU0RhdGFYTlNPYmplY3TSGxwiI1xOU0RpY3Rpb25hcnmiIiBfEA9OU0tleWVkQXJjaGl2ZXLRJidUcm9vdIABAAgAEQAaACMALQAyADcAQABGAE0AVQBgAGcAagBsAG4AcQBzAHUAdwCEAI4AzADRANkC4wLlAuoC9QL+AwwDEAMXAyADJQMyAzUDRwNKA08AAAAAAAACAQAAAAAAAAAoAAAAAAAAAAAAAAAAAAADUQ==}}

@article{aldridge2017,
	Author = {Edith Aldridge},
	Date-Added = {2018-10-27 22:07:34 -0400},
	Date-Modified = {2018-10-27 22:07:34 -0400},
	Doi = {10.5334/gjgl.175},
	Journal = {Glossa: a journal of general linguistics},
	Keywords = {Tagalog, relative clause},
	Number = {1},
	Pages = {41.1--33},
	Title = {Internally and externally headed relative clauses in {T}agalog},
	Volume = {2},
	Year = {2017},
	Bdsk-File-1 = {YnBsaXN0MDDUAQIDBAUGJCVYJHZlcnNpb25YJG9iamVjdHNZJGFyY2hpdmVyVCR0b3ASAAGGoKgHCBMUFRYaIVUkbnVsbNMJCgsMDxJXTlMua2V5c1pOUy5vYmplY3RzViRjbGFzc6INDoACgAOiEBGABIAFgAdccmVsYXRpdmVQYXRoWWFsaWFzRGF0YV8QTS4uLy4uLy4uLy4uL0dvb2dsZSBEcml2ZS9MaWJyYXJ5L3BhcGVycy9hbGRyaWRnZV8yMDE3X3JlbGF0aXZlLWNsYXVzZXMtdGwucGRm0hcLGBlXTlMuZGF0YU8RAcgAAAAAAcgAAgAADE1hY2ludG9zaCBIRAAAAAAAAAAAAAAAAAAAAAAAAABCRAAB/////x9hbGRyaWRnZV8yMDE3X3JlbGEjRkZGRkZGRkYucGRmAAAAAAAAAAAAAAAAAAAAAAAAAAAAAAAAAAAAAAAAAAD/////AAAAAFBERiBDQVJPAAQABAAACiBjdQAAAAAAAAAAAAAAAAAGcGFwZXJzAAIAUi86VXNlcnM6bGlmZXBva2U6R29vZ2xlIERyaXZlOkxpYnJhcnk6cGFwZXJzOmFsZHJpZGdlXzIwMTdfcmVsYXRpdmUtY2xhdXNlcy10bC5wZGYADgBMACUAYQBsAGQAcgBpAGQAZwBlAF8AMgAwADEANwBfAHIAZQBsAGEAdABpAHYAZQAtAGMAbABhAHUAcwBlAHMALQB0AGwALgBwAGQAZgAPABoADABNAGEAYwBpAG4AdABvAHMAaAAgAEgARAASAFBVc2Vycy9saWZlcG9rZS9Hb29nbGUgRHJpdmUvTGlicmFyeS9wYXBlcnMvYWxkcmlkZ2VfMjAxN19yZWxhdGl2ZS1jbGF1c2VzLXRsLnBkZgATAAEvAAAVAAIAD///AACABtIbHB0eWiRjbGFzc25hbWVYJGNsYXNzZXNdTlNNdXRhYmxlRGF0YaMdHyBWTlNEYXRhWE5TT2JqZWN00hscIiNcTlNEaWN0aW9uYXJ5oiIgXxAPTlNLZXllZEFyY2hpdmVy0SYnVHJvb3SAAQAIABEAGgAjAC0AMgA3AEAARgBNAFUAYABnAGoAbABuAHEAcwB1AHcAhACOAN4A4wDrArcCuQK+AskC0gLgAuQC6wL0AvkDBgMJAxsDHgMjAAAAAAAAAgEAAAAAAAAAKAAAAAAAAAAAAAAAAAAAAyU=},
	Bdsk-Url-1 = {https://dx.doi.org/10.5334/gjgl.175}}

@article{aldridge2003,
	Author = {Edith Aldridge},
	Date-Added = {2018-10-27 22:07:32 -0400},
	Date-Modified = {2018-10-27 22:07:32 -0400},
	Journal = {Linguistic Inquiry},
	Keywords = {relative clause; Tagalog},
	Number = {4},
	Pages = {631--640},
	Title = {Remnant Movement in {T}agalog Relative Clause Formation},
	Volume = {34},
	Year = {2003},
	Bdsk-File-1 = {YnBsaXN0MDDUAQIDBAUGJCVYJHZlcnNpb25YJG9iamVjdHNZJGFyY2hpdmVyVCR0b3ASAAGGoKgHCBMUFRYaIVUkbnVsbNMJCgsMDxJXTlMua2V5c1pOUy5vYmplY3RzViRjbGFzc6INDoACgAOiEBGABIAFgAdccmVsYXRpdmVQYXRoWWFsaWFzRGF0YV8QUy4uLy4uLy4uLy4uL0dvb2dsZSBEcml2ZS9MaWJyYXJ5L3BhcGVycy9hbGRyaWRnZV8yMDAzX3JlbW5hbnQtbW92ZW1lbnQtcmVsYXRpdmUucGRm0hcLGBlXTlMuZGF0YU8RAeAAAAAAAeAAAgAADE1hY2ludG9zaCBIRAAAAAAAAAAAAAAAAAAAAAAAAABCRAAB/////x9hbGRyaWRnZV8yMDAzX3JlbW4jRkZGRkZGRkYucGRmAAAAAAAAAAAAAAAAAAAAAAAAAAAAAAAAAAAAAAAAAAD/////AAAAAAAAAAAAAAAAAAQABAAACiBjdQAAAAAAAAAAAAAAAAAGcGFwZXJzAAIAWC86VXNlcnM6bGlmZXBva2U6R29vZ2xlIERyaXZlOkxpYnJhcnk6cGFwZXJzOmFsZHJpZGdlXzIwMDNfcmVtbmFudC1tb3ZlbWVudC1yZWxhdGl2ZS5wZGYADgBYACsAYQBsAGQAcgBpAGQAZwBlAF8AMgAwADAAMwBfAHIAZQBtAG4AYQBuAHQALQBtAG8AdgBlAG0AZQBuAHQALQByAGUAbABhAHQAaQB2AGUALgBwAGQAZgAPABoADABNAGEAYwBpAG4AdABvAHMAaAAgAEgARAASAFZVc2Vycy9saWZlcG9rZS9Hb29nbGUgRHJpdmUvTGlicmFyeS9wYXBlcnMvYWxkcmlkZ2VfMjAwM19yZW1uYW50LW1vdmVtZW50LXJlbGF0aXZlLnBkZgATAAEvAAAVAAIAD///AACABtIbHB0eWiRjbGFzc25hbWVYJGNsYXNzZXNdTlNNdXRhYmxlRGF0YaMdHyBWTlNEYXRhWE5TT2JqZWN00hscIiNcTlNEaWN0aW9uYXJ5oiIgXxAPTlNLZXllZEFyY2hpdmVy0SYnVHJvb3SAAQAIABEAGgAjAC0AMgA3AEAARgBNAFUAYABnAGoAbABuAHEAcwB1AHcAhACOAOQA6QDxAtUC1wLcAucC8AL+AwIDCQMSAxcDJAMnAzkDPANBAAAAAAAAAgEAAAAAAAAAKAAAAAAAAAAAAAAAAAAAA0M=}}

@article{sabbagh2013,
	Author = {Joseph Sabbagh},
	Date-Added = {2018-10-27 22:07:22 -0400},
	Date-Modified = {2018-10-27 22:07:22 -0400},
	Doi = {10.1111/synt.12012},
	Journal = {Syntax},
	Keywords = {tagalog},
	Number = {1},
	Pages = {40--89},
	Title = {Word Order and Prosodic-Structure Constraints in {T}agalog},
	Volume = {17},
	Year = {2013},
	Bdsk-File-1 = {YnBsaXN0MDDUAQIDBAUGJCVYJHZlcnNpb25YJG9iamVjdHNZJGFyY2hpdmVyVCR0b3ASAAGGoKgHCBMUFRYaIVUkbnVsbNMJCgsMDxJXTlMua2V5c1pOUy5vYmplY3RzViRjbGFzc6INDoACgAOiEBGABIAFgAdccmVsYXRpdmVQYXRoWWFsaWFzRGF0YV8QQC4uLy4uLy4uLy4uL0dvb2dsZSBEcml2ZS9MaWJyYXJ5L3BhcGVycy9zYWJiYWdoXzIwMTNfa3VuZy13aC5wZGbSFwsYGVdOUy5kYXRhTxEBlgAAAAABlgACAAAMTWFjaW50b3NoIEhEAAAAAAAAAAAAAAAAAAAAAAAAAEJEAAH/////GHNhYmJhZ2hfMjAxM19rdW5nLXdoLnBkZgAAAAAAAAAAAAAAAAAAAAAAAAAAAAAAAAAAAAAAAAAAAAAAAAAAAP////8AAAAAAAAAAAAAAAAABAAEAAAKIGN1AAAAAAAAAAAAAAAAAAZwYXBlcnMAAgBFLzpVc2VyczpsaWZlcG9rZTpHb29nbGUgRHJpdmU6TGlicmFyeTpwYXBlcnM6c2FiYmFnaF8yMDEzX2t1bmctd2gucGRmAAAOADIAGABzAGEAYgBiAGEAZwBoAF8AMgAwADEAMwBfAGsAdQBuAGcALQB3AGgALgBwAGQAZgAPABoADABNAGEAYwBpAG4AdABvAHMAaAAgAEgARAASAENVc2Vycy9saWZlcG9rZS9Hb29nbGUgRHJpdmUvTGlicmFyeS9wYXBlcnMvc2FiYmFnaF8yMDEzX2t1bmctd2gucGRmAAATAAEvAAAVAAIAD///AACABtIbHB0eWiRjbGFzc25hbWVYJGNsYXNzZXNdTlNNdXRhYmxlRGF0YaMdHyBWTlNEYXRhWE5TT2JqZWN00hscIiNcTlNEaWN0aW9uYXJ5oiIgXxAPTlNLZXllZEFyY2hpdmVy0SYnVHJvb3SAAQAIABEAGgAjAC0AMgA3AEAARgBNAFUAYABnAGoAbABuAHEAcwB1AHcAhACOANEA1gDeAngCegJ/AooCkwKhAqUCrAK1AroCxwLKAtwC3wLkAAAAAAAAAgEAAAAAAAAAKAAAAAAAAAAAAAAAAAAAAuY=}}

@misc{otsuka2016,
	Author = {Yuko Otsuka and Nozomi Tanaka},
	Date-Added = {2018-10-27 22:07:12 -0400},
	Date-Modified = {2018-10-27 22:07:12 -0400},
	Howpublished = {Paper presented at the 23rd Annual Meeting of the Austronesian Formal Linguistics Association (AFLA 23), Tokyo University of Foreign Studies},
	Title = {{T}agalog oblique relative clauses},
	Year = {2016}}
